<record><leader>00000cas a22000007a 4500</leader><controlfield tag="001">22610468</controlfield><controlfield tag="008">901031d19261934ctuwr ne      0    0eng d</controlfield><datafield ind1=" " ind2=" " tag="010"><subfield code="a">sn 90057333 </subfield></datafield><datafield ind1=" " ind2=" " tag="040"><subfield code="a">MFN</subfield><subfield code="b">eng</subfield><subfield code="c">MFN</subfield><subfield code="d">CNW</subfield><subfield code="d">OCLCQ</subfield></datafield><datafield ind1=" " ind2=" " tag="042"><subfield code="a">msc</subfield></datafield><datafield ind1="0" ind2=" " tag="130"><subfield code="a">Bridgeport herald (Bridgeport, Conn. : State ed.)</subfield></datafield><datafield ind1="1" ind2="0" tag="245"><subfield code="a">Bridgeport herald.</subfield></datafield><datafield ind1="3" ind2="0" tag="246"><subfield code="a">Bridgeport herald, Waterbury herald</subfield></datafield><datafield ind1="1" ind2="7" tag="246"><subfield code="a">Bridgeport-Waterbury herald</subfield><subfield code="f">1926</subfield></datafield><datafield ind1=" " ind2=" " tag="250"><subfield code="a">State ed.</subfield></datafield><datafield ind1=" " ind2=" " tag="260"><subfield code="a">Bridgeport, Conn. :</subfield><subfield code="b">Richard Howell</subfield></datafield><datafield ind1=" " ind2=" " tag="300"><subfield code="a">v.</subfield></datafield><datafield ind1=" " ind2=" " tag="310"><subfield code="a">Weekly</subfield></datafield><datafield ind1="0" ind2=" " tag="362"><subfield code="a">Vol. 29, no. 51 (Jan. 10, 1926)-v. 44, no. 4 (Jan. 28, 1934).</subfield></datafield><datafield ind1=" " ind2=" " tag="500"><subfield code="a">Published as: Bridgeport herald, Waterbury herald, 1926.</subfield></datafield><datafield ind1=" " ind2=" " tag="500"><subfield code="a">Edition statement varies: State ed., [No ed. statement], Last ed.</subfield></datafield><datafield ind1=" " ind2=" " tag="580"><subfield code="a">Waterbury herald, and: Bridgeport herald (Bridgeport, Conn. : 1901) merged to form the Home and State eds. of Bridgeport herald.</subfield></datafield><datafield ind1=" " ind2=" " tag="580"><subfield code="a">Other editions available: Home ed., Hartford ed., New Haven ed., County ed., Norwalk-Stamford ed.</subfield></datafield><datafield ind1=" " ind2="4" tag="651"><subfield code="a">Connecticut</subfield><subfield code="v">Newspapers.</subfield></datafield><datafield ind1=" " ind2="4" tag="651"><subfield code="a">Bridgeport (Conn.)</subfield><subfield code="v">Newspapers.</subfield></datafield><datafield ind1=" " ind2=" " tag="752"><subfield code="a">United States</subfield><subfield code="b">Connecticut</subfield><subfield code="c">Fairfield</subfield><subfield code="d">Bridgeport.</subfield></datafield><datafield ind1="1" ind2=" " tag="775"><subfield code="t">Bridgeport herald (Bridgeport, Conn. : Home ed.)</subfield><subfield code="w">(DLC)sn 92051183</subfield></datafield><datafield ind1="1" ind2=" " tag="775"><subfield code="t">Bridgeport herald (Bridgeport, Conn. : Hartford ed.)</subfield><subfield code="w">(DLC)sn 90057332</subfield><subfield code="w">(OCoLC)22610457</subfield></datafield><datafield ind1="1" ind2=" " tag="775"><subfield code="t">Bridgeport herald (Bridgeport, Conn. : New Haven ed.)</subfield><subfield code="w">(DLC)sn 90057334</subfield><subfield code="w">(OCoLC)22610475</subfield></datafield><datafield ind1="1" ind2=" " tag="775"><subfield code="t">Bridgeport herald (Bridgeport, Conn. : County ed.)</subfield><subfield code="w">(DLC)sn 92051184</subfield></datafield><datafield ind1="1" ind2=" " tag="775"><subfield code="t">Bridgeport herald (Bridgeport, Conn. : Norwalk-Stamford ed.)</subfield><subfield code="w">(DLC)sn 92051185</subfield></datafield><datafield ind1="1" ind2="4" tag="780"><subfield code="t">Bridgeport herald (Bridgeport, Conn. : 1901)</subfield><subfield code="w">(DLC)sn 92051180</subfield></datafield><datafield ind1="1" ind2="4" tag="780"><subfield code="t">Waterbury herald</subfield><subfield code="w">(DLC)sn 92051187</subfield><subfield code="w">(OCoLC)25500007</subfield></datafield><datafield ind1="0" ind2="0" tag="785"><subfield code="t">Sunday herald (Bridgeport, Conn. : State ed.)</subfield><subfield code="w">(DLC)sn 92051196</subfield></datafield><datafield ind1="1" ind2=" " tag="029"><subfield code="a">AU@</subfield><subfield code="b">000025870313</subfield></datafield></record>